3400 5017
309 283 349 346 82
715 282 768 345 DE
791 279 939 345 RERUM
962 279 1134 345 NATURA

416 420 587 496 Numquid
604 420 649 479 ibi
666 419 828 479 horribile
843 423 992 495 apparet,
1011 435 1092 479 num
1107 419 1202 477 triste
1217 417 1350 477 videtur

416 514 614 589 Quicquam,
632 530 698 573 non
714 512 805 572 omni
821 528 939 571 somno
954 513 1107 572 securius
1122 510 1252 571 exstat?

407 668 409 671 ,
470 608 579 683 Atque
594 622 632 666 ea
647 606 808 665 nimirum
824 620 1057 681 quaecumque
1073 605 1265 665 Acherunte
1281 604 1448 681 profundo

416 700 550 759 Prodita
564 702 644 761 sunt
662 715 744 773 esse,
761 699 796 758 in
811 700 880 758 vita
894 702 974 758 sunt
988 698 1100 758 omnia
1114 699 1232 757 nobis¹

417 792 483 853 Nec
498 794 600 853 miser
615 792 802 869 inpendens
818 808 978 868 magnum
994 793 1090 851 timet
1103 807 1178 851 aere
1194 808 1310 851 saxum
1492 790 1533 835 ⁹8⁰

415 886 582 960 Tantalus,
607 889 644 945 ut
659 885 787 959 famast,
804 902 897 945 cassa
911 885 1089 945 formidine
1104 890 1260 961 torpens;

416 978 479 1039 Sed
495 980 599 1055 magis
615 980 649 1037 in
665 980 733 1039 vita
748 978 859 1038 divom
877 982 986 1038 metus
1001 969 1099 1054 urget
1113 979 1222 1037 inanis

416 1072 563 1132 Mortalis
577 1088 760 1147 casumque
775 1072 896 1132 timent
910 1088 1010 1147 quem
1026 1072 1150 1147 cuique
1165 1071 1249 1131 ferat
1262 1071 1340 1131 fors.

416 1165 482 1225 Nec
496 1166 613 1241 Tityon
628 1165 782 1225 volucres
797 1166 917 1225 ineunt
932 1165 1124 1225 Acherunte
1140 1165 1301 1225 iacentem

415 1258 482 1319 Nec
497 1258 586 1334 quod
603 1259 666 1319 sub
682 1274 801 1333 magno
817 1262 1011 1318 scrutentur
1026 1262 1159 1335 pectore
1175 1259 1355 1334 quicquam
1493 1256 1532 1301 ⁹⁸⁵

414 1351 613 1428 Perpetuam
628 1354 767 1411 aetatem
785 1355 927 1427 possunt
942 1352 1088 1428 reperire
1104 1351 1263 1428 profecto.

338 1509 392 1559 978.
408 1508 487 1573 Atque
502 1523 530 1558 eo
544 1510 666 1557 nimirum
676 1511 702 1557 A.
720 1510 745 1556 B.
763 1510 824 1557 Flor.
841 1509 868 1557 31
886 1510 968 1557 Camb.
985 1510 999 1557 2
1014 1511 1064 1558 Vat.
1082 1510 1199 1569 Priscian,
1220 1513 1404 1558 correctement.
1422 1509 1486 1557 Nicc.
1503 1510 1532 1557 lit

308 1584 386 1648 Atque
400 1586 545 1633 animorum
559 1585 643 1641 etiam,
660 1586 760 1647 strange
775 1599 867 1641 errcur,
885 1586 982 1645 repete'e
1009 1600 1051 1646 par
1069 1586 1084 1633 2
1109 1587 1158 1634 Vat.
1175 1586 1241 1633 Brix.
1257 1586 1310 1633 Ver.
1327 1586 1386 1633 llen.
1402 1586 1460 1633 liar.
1476 1586 1529 1632 Ald.

307 1660 317 1707 l
336 1665 361 1708 et
374 1660 397 1719 ἓ,
415 1662 492 1718 lunt,
505 1675 545 1708 ces
560 1664 645 1720 quatre
660 1660 770 1707 derniers
785 1660 859 1707 lisent
872 1659 956 1723 Atqui.
965 1661 1087 1709 Toutetois
1094 1663 1193 1720 Arane,
1209 1660 1223 1709 a
1238 1663 1261 1708 la
1275 1661 1309 1709 sm
1324 1662 1354 1708 de
1369 1675 1413 1709 son
1428 1661 1529 1719 Catulle,

307 1737 415 1797 rappelle
430 1750 487 1784 avec
502 1736 582 1784 raison
597 1734 676 1798 Atque
691 1749 719 1783 eo
733 1736 875 1792 nimirum
890 1737 950 1784 c'est
963 1738 987 1783 la
1001 1738 1070 1794 leqon
1085 1739 1115 1784 de
1131 1738 1213 1784 Lamb.
1230 1741 1255 1784 et
1268 1737 1298 1784 de
1320 1738 1343 1783 la
1366 1738 1446 1799 Vulg,
1469 1737 1530 1785 mais

307 1826 355 1859 non
370 1813 400 1859 de
415 1812 481 1859 Wak.
501 1838 528 1845 —
543 1810 597 1859 983.
614 1810 709 1874 calque'.
725 1824 828 1873 eamque
843 1812 869 1858 B.
887 1812 968 1858 Lamh.
985 1817 1031 1860 etc.
1047 1812 1062 1860 a
1076 1815 1131 1860 tort.
1149 1840 1176 1847 -
1198 1812 1252 1860 985.
1269 1814 1333 1876 qaod
1355 1812 1437 1859 Camh.
1462 1813 1528 1859 lunt.

306 1891 352 1935 etc.
369 1901 430 1948 pour
443 1886 509 1950 qaid.

305 2014 890 2075 Tib.13931v78:«quammeusant03»

308 2092 376 2139 ltlart.
395 2090 426 2138 lll
440 2090 470 2137 35
486 2090 500 2138 6
516 2107 527 2137 n
537 2104 609 2151 quam
626 2091 798 2137 renitente.»

336 2164 390 2213 976.
408 2165 532 2214 Horribile
547 2178 555 2212 .·
571 2169 623 2213 tout
638 2169 706 2213 autre
722 2166 781 2212 etait
795 2167 818 2212 le
833 2180 891 2213 sen-

306 2241 393 2289 timent
407 2243 437 2289 de
454 2242 536 2289 Pascal
560 2256 565 2287 ι
590 2242 696 2298 «Quand
717 2240 743 2301 y'e
762 2241 890 2289 considere

306 2318 329 2363 la
344 2316 417 2377 petite
433 2317 507 2364 durae
522 2317 552 2363 de
567 2330 607 2363 ma
624 2316 672 2374 vie,
696 2316 813 2363 absorbes
828 2318 889 2363 dans

304 2392 424 2440 l'eternite
439 2392 570 2452 precedant
589 2395 614 2439 ct
634 2391 758 2439 suivant...
779 2391 803 2451 je
824 2391 890 2438 m'et-

303 2467 399 2516 fraie.»

335 2542 389 2591 all.
406 2542 518 2603 Scndque
532 2542 584 2589 doit
601 2542 668 2590 avoir
690 2543 765 2603 songd
788 2541 886 2589 abner.

304 2617 418 2676 830-9'17,
441 2619 522 2677 quand
542 2618 558 2664 il
579 2616 687 2675 ecrivait,
706 2616 784 2681 Epist.
806 2616 837 2663 54
850 2616 887 2663 A:

306 2710 317 2740 a
331 2707 395 2741 mors
413 2697 508 2741 estnon
520 2707 582 2740 esse.
595 2693 617 2739 id
632 2693 704 2753 quale
717 2692 749 2739 sit
767 2692 815 2739 iam
829 2692 886 2740 scio.

304 2771 349 2816 boc
366 2768 412 2817 erit
427 2772 480 2828 post
494 2782 533 2815 me
548 2769 612 2829 quod
627 2770 683 2815 ante
694 2766 792 2815 meluit.
803 2767 888 2828 siquid

303 2845 428 2892 inhaere
448 2843 561 2891 tormenti
590 2847 635 2900 cst,
665 2857 765 2890 necesse
799 2847 837 2889 est
864 2846 889 2890 et

303 2920 378 2967 luisse
402 2922 458 2966 ante
471 2932 543 2978 quam
566 2918 718 2979 prodiremus
740 2917 764 2964 in
782 2918 886 2964 lucem:

303 2994 369 3055 atqui
385 2994 477 3040 nullam
501 2992 622 3039 sensimus
640 2995 697 3038 tunc
717 2990 886 3039 vexationem:

303 3070 391 3130 (comp.
403 3067 448 3115 832
460 3071 590 3115 «anteacto
599 3066 633 3114 nil
642 3070 751 3127 tempore
762 3066 885 3114 sensimus

301 3144 436 3207 angria)...
466 3142 588 3202 utrimque
607 3156 664 3189 vero
695 3143 744 3189 alta
768 3142 887 3189 securitas

302 3223 347 3267 etc.
360 3235 371 3265 r
388 3220 476 3281 (comp.
492 3217 536 3265 977
567 3234 579 3264 n
593 3231 641 3264 non
664 3216 730 3265 omni
750 3231 835 3264 somno
851 3232 888 3265 se·

301 3294 383 3343 curius
398 3292 493 3343 exstat?
509 3293 539 3355 a).
555 3293 626 3340 Arist.
638 3292 795 3341 EllaNieom.
813 3294 845 3339 lll
862 3292 886 3351 9,

301 3370 337 3417 dit
365 3383 422 3417 avec
442 3384 474 3417 un
497 3368 596 3416 instinct
610 3368 664 3428 plus
679 3368 730 3414 vrai
746 3383 751 3413 τ
770 3370 886 3436 φοβερώ.

301 3475 377 3507 τατον
391 3452 413 3505 δ’
433 3457 445 3505 ὁ
465 3455 576 3505 θάνατος·
596 3456 672 3517 πέρας
688 3456 743 3517 γὰρ,
756 3457 794 3503 καὶ
814 3453 887 3504 oridia

301 3532 338 3578 ἑτι
357 3526 389 3589 rq'
409 3529 526 3577 τεθνεῶτι
546 3530 611 3575 δοκεῖ
630 3521 682 3575 οὒτ’
706 3524 801 3589 ἀγαθὸν
829 3529 886 3575 οὔτε

300 3601 374 3649 κακὸν
393 3596 472 3648 εἶναι,

331 3679 461 3729 9l8-l023.
482 3681 525 3727 Les
545 3679 617 3726 re'cits
638 3678 729 3726 relatils
757 3677 771 3725 d
800 3677 886 3725 l'enfer

300 3760 355 3804 sont
369 3756 513 3803 reellement
526 3754 590 3801 vrais
607 3753 627 3800 si
645 3768 675 3801 on
693 3754 728 3800 les
744 3752 885 3813 rapportea

300 3835 363 3879 cette
390 3830 453 3877 vie:
482 3831 589 3886 Tantalo,
619 3828 694 3889 Titye,
720 3828 830 3888 Sisyphe,
849 3828 884 3875 les

299 3906 420 3953 Danaides
436 3919 466 3952 ne
486 3908 542 3952 sont
561 3918 608 3963 que
628 3904 663 3950 les
685 3906 752 3964 types
774 3904 804 3949 de
824 3917 884 3965 gens

299 3981 448 4029 tourmeutes
464 3994 505 4027 sur
519 3980 543 4025 la
557 3982 620 4025 terre
640 3992 683 4039 par
702 3977 810 4024 diverses
825 3991 884 4024 con-

298 4056 397 4103 voitises
417 4071 447 4104 ou
467 4054 586 4116 passione.
608 4055 638 4101 Le
658 4054 764 4109 Tartara,
780 4052 883 4100 Cerbere

299 4135 323 4179 et
342 4132 377 4179 les
405 4130 487 4178 Furias
516 4130 649 4177 n'existent
678 4141 721 4188 pas
749 4142 797 4175 non
818 4129 882 4188 plus,

298 4206 359 4254 mais
374 4210 429 4254 sont
442 4207 478 4253 les
493 4205 618 4267 peintures
633 4204 675 4251 des
690 4202 830 4250 differentes
840 4216 884 4263 pu·

298 4282 389 4329 uitions
402 4283 436 4330 du
451 4281 526 4329 crime
546 4280 606 4327 dans
623 4293 651 4326 ce
668 4279 765 4336 monde,
781 4282 814 4335 et,
830 4277 883 4325 me-

298 4373 336 4405 me
351 4358 372 4405 si
387 4358 435 4405 l'on
450 4358 484 4418 s'y
499 4355 622 4413 soustrait‚
641 4355 676 4402 les
693 4356 797 4401 torturas
812 4354 843 4399 de
858 4352 883 4399 la

297 4432 440 4481 conscience
456 4432 509 4479 lunt
522 4432 553 4479 de
567 4430 591 4478 la
605 4434 669 4478 terre
683 4442 716 4477 un
731 4428 808 4476 anler.

976 2015 1030 2065 980.
1047 2031 1083 2078 sq.
1100 2019 1167 2066 Gette
1189 2017 1300 2079 punition
1319 2020 1357 2065 est
1376 2017 1496 2065 attribute
1515 2016 1530 2065 d

945 2094 1044 2140 Tantale
1060 2107 1102 2153 par
1116 2093 1173 2141 bien
1198 2094 1240 2140 des
1262 2092 1391 2151 ecrivains,
1414 2093 1460 2140 tels
1481 2107 1529 2153 que

945 2168 1057 2226 Pindare,
1080 2168 1179 2216 Cice'ron
1207 2172 1232 2215 et
1254 2168 1378 2228 Euripide,
1400 2166 1486 2217 Oreste
1504 2168 1527 2215 5.

945 2244 1049 2292 Lucrere
1063 2247 1122 2305 peut
1136 2244 1193 2291 bien
1208 2244 1276 2291 avoir
1290 2258 1321 2291 eu
1343 2257 1400 2291 sous
1415 2245 1450 2290 les
1464 2258 1529 2304 yenx

945 2334 973 2366 ce
1001 2320 1099 2367 dernier
1114 2333 1238 2382 passage:
1258 2321 1383 2371 Τάνταλος
1409 2323 1527 2388 Κορυφῆς

945 2408 1132 2469 ὑπερτέλλοντα
1172 2409 1302 2471 δειμαίνων
1334 2407 1429 2468 πέτρον
1456 2401 1528 2468 ’Atyn

945 2495 1057 2541 ποτᾶται,
1076 2489 1152 2549 Voyez
1169 2490 1192 2535 la
1206 2489 1296 2551 longue
1311 2491 1366 2535 note
1381 2488 1412 2535 de
1427 2488 1526 2542 Porsen,

944 2576 969 2620 et
983 2574 1006 2621 la
1020 2573 1119 2621 citatior
1134 2573 1193 2633 qu‘il
1215 2572 1258 2619 leit
1280 2573 1311 2619 de
1332 2572 1472 2620 Pausanias.
1496 2572 1527 2619 Ge

943 2649 1041 2696 dernier
1054 2649 1132 2696 decrit
1145 2664 1177 2696 un
1192 2648 1289 2696 tableau
1303 2650 1334 2695 de
1347 2648 1488 2710 Polygnoto,
1503 2651 1528 2696 et

943 2724 979 2772 dit
992 2739 1040 2785 que
1055 2739 1082 2772 ce
1102 2724 1196 2785 peintre
1211 2727 1340 2784 emprunta
1354 2722 1369 2769 a
1382 2722 1527 2784 Archiloque

942 2800 1014 2847 l'idee
1029 2802 1059 2847 de
1074 2802 1098 2847 la
1111 2800 1191 2861 pierre
1205 2801 1345 2860 suspendue
1354 2800 1482 2846 au-dessus
1496 2799 1527 2845 de

941 2876 1049 2923 Tantale.
1080 2875 1161 2936 Comp.
1191 2875 1256 2922 aussi
1291 2874 1410 2931 Welcker,
1437 2872 1524 2924 amin.

941 2949 1005 2998 Mus.
1023 2952 1039 2997 ll
1057 2966 1079 3011 p.
1096 2948 1210 3008 tlt-254,
1226 2950 1267 3009 qui
1283 2953 1420 2996 cominente
1431 2950 1454 2995 le
1464 2948 1527 3011 frag-

943 3030 1010 3074 ment
1024 3027 1147 3073 d'Aleman
1162 3040 1204 3073 sur
1212 3025 1320 3082 Tantale,
1336 3024 1445 3071 Ribbeck
1455 3022 1524 3072 Prot.

946 3102 1017 3164 Verq.
1034 3117 1057 3162 p.
1074 3101 1112 3160 62,
1129 3103 1154 3149 et
1167 3115 1200 3149 un
1215 3103 1300 3147 suvant
1314 3099 1398 3147 article
1414 3100 1444 3146 de
1459 3098 1527 3146 Com-

943 3177 1029 3238 paretti
1043 3178 1104 3224 dans
1119 3177 1142 3224 le
1156 3175 1276 3238 Philoloq,
1287 3175 1371 3222 llllllll
1380 3189 1403 3235 p.
1413 3173 1524 3231 22d25l,

941 3268 983 3301 sur
999 3254 1022 3300 lc
1039 3254 1120 3313 mythe
1135 3253 1165 3299 de
1180 3252 1291 3298 Pindare.

971 3342 1025 3389 981.
1044 3340 1119 3391 Cossa
1134 3341 1209 3402 form.
1226 3355 1252 3387 se
1267 3343 1378 3387 retrouve
1392 3338 1407 3387 d
1422 3338 1491 3386 lota.

971 3430 1025 3479 983.
1043 3429 1133 3480 Cosam
1152 3444 1160 3476 :
1182 3430 1250 3477 Lucr.
1279 3428 1336 3488 jone
1360 3428 1525 3476 evidemment

941 3521 983 3555 sur
996 3507 1019 3553 le
1034 3520 1090 3553 sens
1105 3519 1191 3565 propre
1206 3508 1231 3551 et
1244 3506 1267 3551 le
1282 3518 1339 3551 sens
1359 3502 1437 3567 figure
1451 3504 1481 3549 de
1495 3516 1524 3549 ce

940 3587 998 3630 mot.
1028 3582 1157 3641 Comparez
1172 3594 1230 3627 avec
1248 3594 1276 3627 ce
1295 3580 1337 3639 qui
1357 3578 1459 3640 precede
1474 3578 1521 3625 Cic.

939 3657 969 3705 de
982 3655 1037 3705 Fan.
1057 3658 1066 3702 l
1081 3654 1111 3703 60
1127 3672 1132 3701 :
1150 3671 1161 3701 (ι
1171 3655 1265 3703 accedit
1278 3655 1351 3702 etiam
1371 3668 1436 3701 mors
1450 3667 1521 3713 quae,

939 3732 1008 3792 quasi
1028 3745 1115 3778 saxum
1137 3732 1246 3788 Tantalo,
1268 3744 1365 3789 semper
1388 3729 1521 3789 impendet,

940 3810 990 3854 tum
1008 3806 1148 3867 superstitio
1162 3820 1210 3866 qua
1219 3806 1261 3865 qui
1271 3809 1309 3853 est
1319 3805 1435 3861 imbutus,
1453 3803 1523 3863 quie-

939 3886 977 3929 tus
992 3896 1046 3929 esse
1061 3895 1194 3942 numquam
1210 3884 1326 3941 potest3n
1342 3881 1403 3927 dans
1424 3893 1452 3926 ce
1466 3892 1523 3939 pas-

938 3971 1005 4021 sage,
1021 3957 1038 4003 il
1054 3972 1079 4003 se
1096 3961 1153 4017 peut
1167 3956 1224 4004 bien
1238 3970 1286 4017 que
1305 3955 1353 4003 Cic.
1370 3954 1405 4001 ait
1418 3953 1523 4017 sonqed

939 4035 1017 4091 Luca,
1047 4033 1127 4079 landis
1156 4046 1212 4092 que,
1233 4034 1294 4078 dans
1316 4030 1385 4079 Taso.
1406 4029 1488 4087 1V35,
1505 4029 1522 4076 il

939 4110 983 4156 tire
1005 4122 1054 4155 une
1083 4109 1173 4156 morale
1201 4107 1329 4155 differente
1357 4107 1388 4152 de
1415 4106 1521 4165 quelque

938 4184 1008 4245 poete
1023 4184 1142 4245 tragique.

967 4273 1021 4321 986.
1037 4274 1136 4335 Perpet.
1153 4273 1259 4320 aetatem
1274 4284 1281 4317 :
1297 4270 1325 4316 lil
1347 4269 1392 4317 236
1409 4284 1414 4316 ε
1431 4268 1521 4326 «Quod

937 4349 994 4396 solis
1009 4362 1083 4410 vapor
1097 4351 1201 4395 aetatem
1217 4361 1264 4395 non
1283 4359 1353 4407 posse
1373 4345 1470 4392 videtur
1484 4343 1522 4390 lll-

936 4424 1043 4475 ficere.»
