3400 5017
626 316 749 375 LIBER
771 315 948 376 TERTIUS

280 446 423 524 Corpore
440 448 473 507 in
490 447 667 508 exanimo‘l
681 448 775 518 Quod
792 449 819 508 si
835 449 1011 510 lincuntur
1025 454 1058 509 et
1072 450 1200 524 insunt,

280 540 368 601 Haut
382 542 446 600 erit
460 545 498 601 ut
513 542 631 601 merito
647 542 834 610 inmortalis
849 543 955 619 possit
971 542 1097 617 haberi,

280 634 433 695 Partibus
448 635 580 694 amissis
594 635 872 711 quoniamlibata
886 636 1033 696 recessit.

280 726 344 786 Sin*
354 728 399 788 ita
414 729 554 787 sinceris
569 728 729 788 membris
744 712 852 789 ablata
867 728 1015 806 profugit

283 820 322 880 Ut
337 821 446 881 nullas
462 822 565 898 partis
582 822 616 880 in
632 838 771 899 corpore
792 822 930 898 liquerit
944 839 983 882 ex
998 840 1044 898 se,

281 913 373 974 Unde
389 914 547 974 cadavera
563 916 712 975 rancenti
730 916 795 975 iam
811 916 939 977 viscere
953 932 1083 976 vermes

280 1006 439 1085 Expirant
453 1013 552 1084 atque
569 1008 658 1068 unde
674 1010 882 1069 animantum
898 1010 994 1085 copia
1008 1015 1099 1070 tanta

184 1164 185 1167 Ἴ
280 1100 363 1160 Exos
379 1105 412 1161 et
426 1102 585 1177 exanguis
601 1102 747 1161 tumidos
763 1102 966 1179 perfluctuat
979 1103 1099 1163 artus?

278 1193 373 1263 Quod
389 1194 416 1253 si
433 1194 516 1253 forte
531 1196 659 1254 animas
674 1197 882 1255 extrinsecus
898 1197 1063 1256 insinuari

280 1287 455 1348 Vermibus
470 1293 503 1347 et
518 1288 629 1364 privas
645 1289 679 1347 in
700 1305 839 1365 corpora
855 1306 951 1366 posse
966 1290 1081 1349 venire

279 1379 392 1440 Credis
408 1397 469 1440 nec
485 1385 619 1457 reputas
634 1398 696 1441 cur
711 1382 803 1441 milia
818 1383 924 1443 multa
940 1383 1128 1443 animarum

279 1473 485 1533 Conveniunt
499 1474 589 1534 unde
605 1491 672 1534 una
688 1477 873 1550 recesserit,
891 1477 955 1536 hoo
969 1481 1079 1536 tamen
1096 1481 1198 1537 estut

278 1566 513 1636 Quaerendum
529 1568 682 1627 videatur
696 1572 729 1628 et
743 1570 781 1627 in·
794 1569 975 1629 discrimen
991 1570 1170 1645 agendum,

282 1660 399 1719 Utrum
415 1659 548 1721 tandem
564 1662 693 1721 animae
709 1667 875 1722 venentur
890 1663 1018 1722 semina
1033 1679 1186 1739 quaeque

280 1753 547 1813 vermiculorum
564 1755 721 1831 ipsaeque
737 1756 800 1815 sibi
817 1756 1024 1816 fabricentur
1039 1756 1096 1817 ubi
1110 1756 1191 1830 sint,

282 1847 332 1905 An
348 1848 443 1923 quasi
460 1848 658 1924 corporibus
674 1848 830 1925 perfectis
845 1850 1072 1909 insinuentur.

280 1941 322 1999 At
337 1957 446 2016 neque
461 1957 523 2001 our
537 1942 658 2001 faciant
677 1942 767 2019 ipsae
782 1958 927 2019 quareve
943 1943 1094 2003 laborent
1359 1941 1400 1985 ⁷³⁰
1489 2001 1491 2005 .

281 2034 395 2094 Dicere
410 2034 612 2111 suppeditat.
630 2034 744 2111 Neque
760 2036 862 2110 enim,
879 2037 951 2095 sine
966 2052 1105 2113 corpore
1120 2054 1198 2097 oum
1214 2040 1304 2111 sunt,

205 2205 257 2253 717.
274 2206 378 2254 sicceris
393 2220 426 2253 m.
443 2206 540 2255 sincera
556 2220 587 2255 ec
601 2220 633 2255 m.
650 2208 706 2254 Feb.
725 2208 781 2255 llze.
800 2207 888 2256 -718,
907 2208 936 2257 Ut
951 2209 1004 2269 Ver.
1017 2210 1075 2256 lleu.
1092 2223 1153 2271 pour
1161 2208 1299 2257 lat—'lta
1314 2208 1400 2271 prium

174 2282 200 2330 ia
214 2281 232 2328 B
246 2296 307 2329 corr.
324 2296 384 2342 pour
395 2282 468 2345 priua
483 2283 512 2330 si.
531 2310 558 2317 -
575 2282 619 2331 737
634 2283 739 2345 alpesque
753 2283 877 2359 lambet
891 2298 941 2332 mss
955 2286 985 2331 de
1000 2284 1092 2332 Nonius
1108 2298 1168 2345 pour
1181 2285 1293 2347 oleoque.

173 2442 216 2491 581
229 2443 346 2492 locuntur
355 2441 401 2491 599
414 2443 566 2506 loquentur,⁴
582 2443 642 2493 1018
656 2445 759 2508 loquere-

174 2520 225 2567 tur.
245 2520 333 2567 Touies
353 2519 499 2577 cesformes‚
518 2521 620 2581 excepte
635 2521 757 2581 peut-etrc

175 2596 197 2642 la
214 2593 334 2653 derniere,
354 2608 381 2641 se
405 2594 544 2643 trouvaient
574 2596 759 2656 probablcment

174 2671 234 2718 dans
251 2670 286 2717 les
302 2684 350 2717 mss
365 2671 395 2718 dc
410 2670 514 2718 Lucrece
537 2671 615 2719 moins
630 2672 703 2719 d'une
718 2672 758 2735 ge·

174 2744 284 2792 neration
299 2745 370 2806 apres
385 2759 410 2793 sa
422 2750 492 2793 mort.
504 2747 567 2793 C'est
575 2746 598 2794 la
608 2761 656 2794 une
668 2761 757 2808 preuve

174 2822 204 2869 de
215 2821 373 2869 l'excellcnce
384 2822 427 2869 des
442 2835 492 2870 mss
506 2822 536 2869 de
552 2822 629 2883 Leyde
643 2836 673 2869 au
690 2823 759 2883 point

174 2898 204 2944 de
219 2911 265 2943 vue
280 2897 310 2944 dc
321 2896 508 2959 l'orthographe,
524 2912 565 2944 car
576 2912 663 2955 aucun,
678 2898 757 2946 meme

174 2973 204 3019 de
221 2986 283 3019 ceux
294 2972 324 3019 de
335 2972 433 3034 fugile,
446 2973 485 3019 n'a
494 2974 568 3035 garde
579 2974 615 3021 les
626 2973 758 3021 anciennes

174 3048 264 3095 formes
278 3048 339 3095 dans
349 3062 397 3095 une
408 3048 474 3096 aussi
489 3050 555 3111 large
570 3048 718 3109 proportion.

206 3122 259 3171 715.
275 3122 343 3172 Haut
357 3123 406 3172 erit
420 3125 447 3171 ul
458 3124 538 3187 possit
558 3143 589 3168 =
610 3126 669 3172 haut
690 3127 764 3185 pote-'

175 3198 223 3257 rit3
240 3198 284 3246 775
301 3213 306 3245 :
324 3203 382 3247 «est
396 3203 423 3247 ut
437 3200 607 3257 Quaerendum
622 3200 757 3248 videatur.»

174 3275 200 3321 V.
219 3276 242 3322 la
257 3288 281 3321 n.
304 3274 318 3323 11
341 3275 349 3321 l
372 3274 433 3333 67ος
458 3279 534 3335 quant
556 3289 587 3323 au
612 3277 704 3337 rythme
726 3278 757 3324 du

175 3365 237 3408 vers,
254 3365 276 3397 v.
293 3350 317 3398 la
331 3365 355 3398 n.
371 3350 386 3398 ri
401 3352 421 3398 ll
440 3350 508 3399 1059.

207 3425 259 3473 717.
275 3424 386 3477 Sinceris
402 3414 519 3475 membris
539 3442 546 3475 :
571 3442 612 3475 ces
633 3432 705 3487 mets,
728 3443 759 3475 en

176 3502 311 3549 admettant
324 3502 396 3563 qu'ils
415 3502 545 3565 designent
564 3504 606 3551 des
622 3503 712 3564 parties
728 3505 759 3551 de

175 3575 255 3636 l'rime,
284 3578 486 3626 s'accorderaient
512 3592 570 3626 avec
599 3580 621 3626 le
645 3594 667 3625 v.
690 3577 757 3627 531:

176 3652 321 3702 «Scinditur
335 3653 401 3713 iique
417 3652 513 3702 animae
530 3656 575 3701 lroc
590 3654 704 3714 quoniam
719 3668 760 3703 na-

176 3733 230 3777 tura
244 3742 289 3777 nec
303 3742 352 3776 uno
376 3726 493 3789 Tempore
522 3730 617 3777 sincera
644 3730 758 3788 existit»

176 3804 237 3852 meis
252 3804 404 3852 malntenant
416 3804 441 3865 je
457 3804 520 3852 crois
539 3805 610 3865 qu’ils
634 3800 761 3868 signifient

145 3902 146 3905 ¹
177 3882 233 3929 «du
248 3894 318 3941 corps
333 3894 381 3927 non
396 3894 532 3942 corrompu‚
542 3895 555 3929 t)
573 3894 667 3929 comme
682 3883 760 3929 mel'a

176 3956 279 4019 suggere
303 3956 333 4003 M.
357 3957 436 4018 Paley,
460 3970 490 4004 en
515 3956 651 4018 opposition
677 3955 691 4003 a
715 3956 759 4004 719

176 4032 290 4081 rancenti
305 4031 355 4079 iem
374 4032 475 4080 viscere.
497 4032 544 4080 Sur
564 4036 603 4080 cet
626 4032 715 4093 emploi
730 4033 760 4079 de

176 4108 297 4164 sincerus,
316 4107 346 4155 cf.
364 4107 427 4171 virg.
445 4106 532 4170 Georq.
552 4108 580 4155 lll
600 4106 645 4155 785
666 4123 671 4153 :
698 4109 761 4156 «ln-

177 4183 286 4239 sincerus
310 4196 367 4244 apes
393 4184 475 4231 tulerit
494 4197 598 4231 cruor.»
615 4182 732 4233 Membris
747 4198 761 4230 a

177 4258 239 4307 ainsi
254 4272 298 4306 son
313 4272 369 4306 sens
384 4258 493 4306 lrabiluel
508 4263 532 4306 et
546 4258 647 4321 nesigno
658 4260 680 4306 lc
690 4274 760 4319 corps

177 4332 494 4396 paroppcsitional'rimc.
520 4334 602 4395 (lomp.
626 4333 679 4391 170,
705 4334 759 4391 177,

176 4408 223 4459 ise
238 4424 293 4457 «ex
312 4409 418 4457 bominis
440 4409 556 4457 membris
579 4410 660 4457 ablata
680 4424 761 4457 reces-

177 4485 253 4545 sit3u
285 4484 329 4533 777
358 4484 498 4533 «membris
526 4485 594 4533 exire
623 4484 759 4543 senectis‚»

813 2443 860 2488 etc.
878 2468 905 2475 -
921 2442 1005 2488 llunro
1020 2454 1034 2488 a
1048 2456 1079 2489 eu
1095 2445 1143 2490 tort
1157 2442 1187 2489 de
1202 2441 1275 2490 ceder
1288 2454 1337 2489 aux
1354 2439 1401 2487 rai·

813 2529 870 2563 sons
884 2518 915 2563 de
930 2516 1009 2577 Paley.
1035 2517 1099 2564 llous
1121 2530 1226 2578 pensons
1250 2530 1309 2563 avec
1332 2514 1398 2563 Gius.

812 2606 861 2652 que
875 2591 981 2641 sinceris
995 2591 1113 2640 membris
1134 2592 1185 2640 doit
1209 2592 1347 2640 s'entendre
1368 2592 1400 2638 de

813 2665 893 2724 l'ime,
916 2671 940 2715 et
961 2681 1009 2714 non
1031 2669 1063 2715 du
1085 2681 1163 2729 corps.
1187 2668 1206 2715 ll
1221 2668 1259 2728 n'y
1274 2681 1288 2714 a
1302 2666 1355 2715 rien
1369 2667 1400 2714 de

813 2739 877 2789 bien
893 2743 993 2805 strange
1016 2742 1031 2791 a
1054 2744 1135 2803 parler
1162 2744 1205 2791 des
1235 2742 1399 2790 «membres»

813 2818 886 2865 d'une
900 2816 955 2865 fune
969 2818 1011 2877 qul
1026 2832 1052 2865 se
1068 2818 1176 2875 deabus,
1195 2821 1220 2865 et
1240 2815 1399 2879 l'expression

813 2894 923 2954 s’oppose
952 2907 1000 2941 non
1015 2892 1158 2942 irascenti
1180 2894 1281 2950 merere,
1304 2891 1365 2941 mais
1386 2891 1401 2939 d

809 2968 925 3031 partibus
939 2969 1040 3017 omissis
1055 2970 1085 3016 de
1101 2967 1153 3017 714.
1171 2969 1203 3016 Le
1223 2968 1349 3016 hardiesse
1364 2968 1400 3015 le-

813 3044 941 3105 gerement
961 3044 1076 3093 railleusc
1099 3045 1130 3092 de
1147 3044 1307 3105 l'expression
1322 3058 1337 3091 a
1351 3058 1400 3092 une

813 3133 901 3167 saveur
915 3120 1067 3168 lucreticnne
1082 3120 1140 3168 bien
1157 3120 1281 3181 marquee.
1299 3119 1400 3167 Romar-

813 3210 883 3255 quez,
899 3209 929 3243 au
944 3210 966 3243 v.
987 3196 1080 3254 77711
1103 3209 1198 3262 uuance
1223 3194 1400 3256 humoristiquc

813 3272 987 3319 deversentur.

822 3346 898 3394 „rel
914 3346 980 3395 Eros
995 3362 1021 3395 se
1037 3351 1121 3395 trouve
1135 3347 1201 3395 aussi
1218 3348 1277 3395 cher
1297 3347 1333 3394 les
1347 3346 1401 3394 imi·

814 3426 905 3470 teteurs
930 3424 960 3470 de
982 3424 1061 3480 Lucu,
1086 3422 1193 3471 Serenus
1216 3421 1360 3471 Samonicus
1376 3425 1402 3469 et

813 3499 917 3546 Amobe.
936 3496 975 3561 [lll
990 3497 1004 3545 8
1021 3514 1026 3545 :
1043 3499 1090 3547 «Si
1105 3512 1253 3562 excsgenus
1266 3500 1400 3546 humanum

807 3574 881 3638 velut
895 3574 994 3636 quidam
1009 3574 1137 3622 vermiculi
1152 3572 1354 3635 nasceremur]
1371 3598 1399 3607 —

813 3652 968 3715 Perductum
982 3655 1076 3703 semble
1090 3654 1142 3702 etrc
1157 3668 1190 3702 un
1204 3657 1274 3703 autre
1288 3647 1323 3697 ἅπ
1343 3650 1399 3710 tay.

814 3730 845 3777 Ce
868 3742 970 3792 passage
994 3743 1009 3777 a
1032 3730 1071 3777 ete
1093 3728 1161 3777 imile
1178 3742 1221 3791 par
1236 3727 1341 3785 amobe,
1357 3727 1399 3775 llll

814 3804 842 3852 77
861 3820 866 3851 2
883 3805 1047 3853 «fervescere
1063 3804 1187 3852 vermibus
1206 3808 1231 3852 ct
1249 3804 1400 3852 fluctuare.»

846 3879 899 3929 779.
917 3879 1047 3930 Ubisint:
1066 3881 1097 3927 de
1112 3880 1191 3927 meme
1212 3892 1265 3928 esse
1283 3878 1298 3927 ri
1317 3877 1362 3927 789
1376 3882 1402 3927 et

815 3954 857 4003 791
872 3971 879 4014 ;
894 3955 939 4003 795
955 3971 960 4002 :
978 3955 1043 4002 «ubi
1059 3969 1113 4003 esse
1128 3959 1153 4003 et
1166 3968 1276 4003 creseere
1290 3954 1400 4016 pessit.»

846 4028 1367 4094 l30.Neque=non:v.lan.ri1123.

847 4106 900 4155 731.
916 4106 1005 4156 Dicere
1027 4107 1121 4155 semble
1149 4106 1201 4154 etre
1229 4105 1341 4167 employe
1369 4104 1400 4153 ici

815 4197 845 4230 en
875 4182 944 4245 guise
970 4183 1001 4229 de
1022 4180 1156 4230 substautif
1169 4196 1174 4228 :
1190 4195 1270 4242 comp.
1300 4182 1328 4227 lv
1356 4179 1402 4227 7115

816 4257 982 4306 «meminisse
997 4257 1093 4315 iacet»
1108 4262 1133 4305 et
1147 4256 1247 4305 laudi
1263 4256 1317 4305 331.
1332 4257 1359 4303 T.
1376 4255 1400 4303 L.

817 4334 908 4382 llllVlll
937 4332 965 4381 77
988 4331 1026 4382 3;
1050 4335 1105 4382 sad
1130 4347 1173 4381 vos
1196 4332 1402 4393 quemadmodum

816 4411 901 4471 loquar
917 4424 962 4457 nec
978 4408 1107 4459 consilium
1130 4422 1175 4457 nec
1193 4408 1270 4456 oratio
1289 4407 1403 4469 suppedi-

816 4488 858 4533 tat.
879 4501 891 4532 u

1363 4636 1377 4684 7

1151 4840 1156 4850 Ι

1118 4917 1122 4926 .
