3400 5017
621 310 744 373 LIBER
766 311 941 373 TERTIUS

277 446 317 506 Et
331 462 428 522 saepe
443 460 551 520 usque
566 445 658 518 edeo,
676 446 792 507 mortis
807 444 998 518 formidine,
1014 445 1100 505 vitee

277 539 422 615 Percipit
437 538 601 598 humanos
616 538 730 597 odium
747 538 900 613 lucisque
915 538 1088 612 videndae,

278 633 319 692 Ut
334 633 396 691 sibi
412 630 620 691 consciscant
635 632 795 691 maerenti
812 636 945 707 pectore
960 631 1065 693 letum

275 726 376 786 Obiiti
393 724 517 784 iontem
533 740 690 784 curarum
708 724 799 784 hunc
814 740 886 784 esse
901 724 1068 798 timorem,

276 912 373 971 Hunc
388 926 505 971 vexere
521 911 695 987 pudorem,
714 911 804 970 hunc
819 912 955 971 vincula
968 912 1125 970 emicitiei

277 1005 443 1083 Rumpere
459 1009 491 1064 et
507 1005 540 1063 in
557 1020 687 1066 summa
702 1005 858 1081 pietatem
874 1009 1021 1064 evertere
1037 1004 1173 1076 suadet;

277 1098 357 1162 Nem
374 1099 437 1159 iem
454 1114 550 1175 saepe
567 1096 719 1159 homines
735 1098 875 1175 petriam
891 1114 1052 1173 carosque
1068 1098 1215 1174 parentis
1366 1095 1393 1139 ⁸⁵

277 1192 511 1265 Prodiderunt,
528 1192 632 1251 vitare
649 1191 834 1252 Acherusia
848 1191 973 1267 temple
987 1195 1149 1267 petentes.

276 1286 356 1345 Nem
372 1278 475 1343 veluti
492 1286 586 1361 pueri
603 1284 772 1361 trepidant
785 1289 885 1359 etque
901 1286 1013 1343 omnia
1026 1286 1133 1344 caecis

276 1379 312 1438 ln
329 1378 475 1441 tenebris
491 1382 657 1451 metuunt,
674 1378 722 1437 sic
737 1394 797 1437 nos
813 1378 847 1436 in
864 1378 938 1437 luce
953 1378 1111 1437 timemus

276 1472 460 1545 Interdum,
478 1472 546 1533 nilo
561 1487 646 1547 quae
662 1475 741 1531 sunt
756 1471 935 1531 metuende
950 1471 1054 1547 magis
1070 1488 1169 1546 quem
1225 1549 1227 1552 Ι

274 1564 368 1635 Quae.
379 1565 474 1641 pueri
492 1565 525 1623 in
541 1564 688 1623 tenebris
705 1564 854 1639 pavitant
869 1564 1069 1640 finguntque
1084 1565 1207 1625 futuro.
1366 1563 1393 1607 ⁹⁰

275 1658 373 1718 Hunc
389 1658 493 1734 igitur
507 1662 668 1720 terrorem
684 1657 787 1717 enimi
803 1658 1025 1733 tenebrasque
1041 1662 1208 1717 necessest

275 1750 345 1811 Non
363 1751 446 1810 redii
462 1751 542 1809 solis
557 1766 666 1825 neque
682 1751 794 1810 lucide
809 1751 873 1809 tela
887 1751 953 1809 diei

275 1844 472 1917 Discutient,
489 1844 546 1903 sed
563 1848 700 1903 naturae
716 1845 844 1920 species
860 1844 1020 1919 ratioque.

328 1938 475 1996 Primum
493 1938 643 1995 animum
659 1937 746 2010 dice,
764 1941 909 1996 mentem
925 1954 1025 2013 quem
1041 1954 1138 2014 saepe
1153 1955 1322 2011 vocemus,

199 2081 237 2129 81.
252 2082 405 2130 consciscant
419 2083 483 2129 Nice.
501 2097 561 2143 pour
574 2082 731 2131 contererent.
750 2110 776 2116 —
792 2081 830 2129 82.
846 2083 875 2129 Je
889 2097 993 2143 suppose
1008 2083 1067 2143 qu'il
1081 2084 1139 2131 s‘est
1153 2085 1228 2144 pcrdu
1244 2083 1275 2130 ici
1290 2098 1323 2130 un
1337 2097 1392 2131 vers

168 2159 198 2205 rte
212 2162 275 2205 cette
290 2162 377 2205 tenear
392 2156 406 2205 d
421 2172 468 2218 peu
484 2158 538 2218 pres
554 2174 559 2204 :
577 2156 625 2219 Qui
639 2158 743 2205 rnieeros
758 2158 869 2207 tornines
883 2172 970 2219 repens
986 2158 1066 2206 scelus
1082 2171 1154 2207 omne
1168 2161 1280 2221 patrare.
1297 2159 1323 2205 v.
1335 2163 1392 2206 note

168 2233 257 2293 explic.
280 2233 388 2294 (licitiae,
411 2233 489 2281 Giuss.
515 2238 539 2281 et
562 2234 641 2297 Brieg,
662 2234 822 2281 n'admetteut
837 2247 879 2293 pas
894 2235 924 2280 de
939 2235 1044 2291 lacune3
1059 2248 1088 2281 ce
1103 2234 1201 2281 dernier
1215 2239 1271 2282 note
1286 2236 1309 2281 le
1323 2249 1345 2281 v.
1361 2233 1393 2282 el

168 2310 240 2356 d'uue
254 2308 280 2373 †.
297 2309 403 2371 Bergsou
419 2309 447 2356 lit
460 2309 527 2357 lrr'e...
543 2309 583 2357 lile
597 2324 627 2356 eu
642 2324 664 2356 v.
681 2308 729 2370 83).
748 2336 774 2343 -·
790 2306 828 2356 81.
854 2308 949 2357 santet.
974 2308 1053 2371 sumto
1076 2310 1157 2360 lumb.
1182 2309 1273 2372 fraude
1294 2311 1390 2357 ieelim.

167 2384 236 2433 clade
250 2385 321 2433 lleru.
337 2384 415 2432 Giuss.
434 2412 460 2419 -
476 2384 514 2432 trs.
531 2398 604 2447 quom
619 2384 742 2433 Charisius
759 2399 782 2445 p.
799 2383 842 2432 l8l
855 2384 1089 2447 (tilitpourquew
1105 2386 1136 2432 de
1151 2386 1230 2432 meme
1246 2387 1308 2433 tlon.
1323 2386 1390 2433 lunt.

168 2460 249 2506 Lemb.
266 2460 434 2508 Lerhm.«lroe
450 2460 528 2521 ipsum
544 2460 619 2519 dedit,
636 2464 766 2521 antequam
790 2460 892 2508 Charisii
908 2460 970 2509 liber
989 2460 1143 2519 innotuisset,
1171 2462 1303 2519 llerullus3
1327 2463 1392 2521 quod

168 2536 250 2593 miror,
266 2550 320 2583 cum
337 2536 378 2583 ille
393 2540 441 2583 tarn
457 2536 579 2584 subtiliter
593 2536 701 2583 indicere
717 2550 764 2583 uon
785 2537 895 2593 soleat»,
907 2536 943 2583 dit
958 2537 1074 2595 leehm.;
1097 2536 1159 2584 mais
1183 2538 1240 2584 llar.
1264 2538 1286 2584 le
1308 2542 1393 2585 trouve

167 2612 228 2659 dans
243 2626 285 2659 son
302 2626 347 2669 ms,
363 2611 394 2659 oti
410 2613 432 2659 le
447 2612 495 2673 prit
509 2612 573 2659 aussi
589 2613 718 2659 Candidus.

168 2749 294 2797 intereunt
314 2752 376 2797 rlens
398 2752 420 2797 le
441 2765 498 2797 sens
519 2751 550 2797 uir
574 2751 608 2796 les
630 2750 754 2810 comiques

169 2826 301 2885 emploieut
316 2824 430 2888 deperire
451 2840 508 2873 avec
524 2826 664 2873 l'arrusatit'.
687 2827 754 2873 Cette

170 2900 353 2961 interpretation
380 2902 500 2949 s'aeoorde
516 2902 571 2948 lrien
587 2916 644 2948 avec
660 2902 682 2947 le
698 2914 754 2948 sens

167 2976 265 3037 gerrcral
288 2977 320 3023 du
344 2990 465 3035 ruorceau,
489 2976 549 3023 niuis
571 2978 618 3023 elle
642 2992 672 3023 ue
694 2977 754 3037 s'ap-

169 3052 224 3112 puie
239 3066 282 3098 sur
295 3066 373 3098 ouran
390 3057 458 3099 autre
475 3054 595 3113 exemple.

198 3126 237 3174 80.
252 3127 360 3190 l'errt'pr't
374 3132 420 3174 etr.
436 3144 441 3173 z
458 3128 541 3175 Pluute
561 3128 631 3175 True.
653 3129 673 3175 ll
693 3128 707 3174 5
725 3126 755 3175 11

168 3217 180 3247 n
189 3202 386 3249 eiusritoodium
401 3203 521 3263 percipit»
534 3218 540 3258 ;
553 3205 605 3250 Ter.
618 3204 681 3251 Eun.
691 3203 752 3250 ule:

167 3278 269 3338 «Neque
277 3278 413 3340 agrineque
425 3278 491 3325 urbis
499 3280 580 3327 odium
592 3294 630 3327 ine
639 3294 753 3341 umquam

168 3353 277 3413 percipit.
291 3368 303 3400 u
316 3380 342 3387 ἡ
356 3354 648 3414 llmncnoszlromlaes
660 3372 753 3405 comme

167 3442 197 3475 eu
214 3444 235 3474 v.
252 3428 296 3476 837
312 3444 317 3475 :
341 3429 479 3477 «emman
500 3432 649 3489 luunanisn3
664 3433 752 3481 Verrou

167 3518 205 3565 apr.
215 3504 327 3562 Nouium,
340 3520 362 3565 p.
374 3504 402 3552 81
416 3521 421 3551 :
434 3520 446 3551 a
455 3506 543 3553 Natura
552 3507 753 3554 lunnanismnnia

167 3580 298 3640 suutperio
310 3596 320 3625 u
333 3595 340 3636 ς
354 3581 442 3627 lustin.
460 3582 517 3627 lllll
533 3582 547 3629 3
564 3596 569 3627 ι
587 3598 598 3627 a
613 3583 753 3643 primusque

167 3658 328 3703 humanorum
339 3672 369 3713 »ς
395 3656 442 3703 Cir.
468 3656 500 3704 rat
521 3656 572 3705 Aa.
596 3658 648 3703 llll
670 3657 696 3705 ‘ll
715 3658 750 3704 5:

168 3746 179 3777 t
192 3746 289 3792 possum
305 3730 365 3788 lulli,
388 3736 415 3778 ut
440 3734 584 3779 turrianus»
607 3734 685 3792 (lecon
709 3735 752 3780 des

168 3822 241 3863 mss3
264 3807 344 3864 latmo,
369 3807 500 3869 erlitlons);
525 3807 609 3866 Ovide,
640 3806 706 3856 Fert.
731 3810 750 3855 ll

167 3881 212 3929 503
229 3898 234 3927 ι
252 3883 376 3929 «Pulcher
390 3886 414 3929 et
429 3884 535 3930 humano
550 3884 634 3931 maior.
649 3900 660 3929 a

198 3956 235 4004 81.
253 3952 358 4018 Epicure
370 3958 447 4019 paruit
461 3958 528 4005 aveir
544 3958 628 4006 insiste
636 3974 678 4006 sur·
687 3964 751 4007 cette

168 4033 280 4080 idcelli.
303 4034 359 4081 Seu.
382 4032 460 4097 Epist.
483 4032 514 4081 el
534 4032 564 4081 88
580 4049 586 4080 t
603 4049 616 4081 «
625 4034 682 4081 item
704 4035 752 4081 alio

168 4110 220 4157 loco
234 4108 293 4156 dicit
308 4108 443 4171 (Epicurus)
460 4109 545 4167 «Quid
561 4114 609 4157 tam
622 4110 751 4157 ridiculum

167 4198 239 4245 quam
252 4200 263 4230 a
275 4186 389 4245 adpetere
399 4188 500 4233 mortem
511 4199 566 4232 cum
577 4185 651 4232 vitem
659 4186 753 4247 iuquie-

168 4265 216 4307 tnm
232 4259 275 4307 tibi
286 4260 373 4308 leceris
384 4265 449 4309 metu
466 4261 549 4308 mortis
560 4259 570 4308 l
581 4275 594 4308 »
610 4262 651 4309 llis
661 4261 752 4309 adicias

167 4340 192 4383 et
206 4336 266 4383 illud
281 4335 390 4383 eiusdem
407 4340 477 4383 notae
500 4336 556 4383 licet
574 4352 585 4382 a
596 4338 696 4383 Tantam
711 4338 752 4385 lro-

168 4412 261 4459 minurn
283 4411 481 4473 imprudentiam,
507 4412 580 4459 immo
594 4412 752 4470 dementiam,

168 4490 195 4535 ut
221 4485 320 4549 quidam
348 4487 434 4537 timore
465 4486 550 4535 mortis
578 4491 696 4551 cogantur
723 4488 753 4535 ad

809 2755 911 2801 inertem
924 2765 954 2808 »ς
980 2750 1009 2797 lt)
1031 2751 1063 2798 8:
1088 2750 1225 2800 «stultitia
1245 2756 1283 2799 est
1305 2750 1392 2799 timore

809 2826 893 2873 mortis
908 2826 977 2873 mori.
991 2842 1004 2872 e

839 2901 870 2949 83
893 2900 925 2949 81
947 2903 981 2948 Au
1006 2902 1071 2962 sujet
1093 2904 1124 2950 de
1148 2904 1170 2949 le
1186 2904 1280 2960 lucane,
1296 2904 1356 2949 dont
1370 2903 1393 2949 lo

808 2977 959 3037 supposition
975 2978 1068 3025 semble
1083 2979 1105 3025 le
1120 2978 1218 3026 remede
1234 2979 1256 3025 le
1271 2978 1325 3039 plus
1335 2978 1393 3025 sim·

809 3051 847 3110 ple
863 3066 924 3111 pour
937 3052 1100 3113 l'explicatiou
1115 3055 1146 3100 de
1166 3068 1194 3100 cc
1215 3067 1326 3115 passage.
1341 3052 1394 3100 voir

809 3127 832 3174 le
845 3127 873 3173 N.
890 3128 914 3174 G.
931 3132 956 3174 et
970 3129 993 3175 la
1008 3133 1064 3175 note
1083 3129 1114 3176 de
1129 3128 1263 3188 Nettleship
1281 3128 1393 3191 turning»

809 3205 860 3263 ton)
875 3201 889 3249 ir
903 3202 965 3250 Aen.
982 3204 1051 3250 xe:
1069 3219 1082 3250 a
1097 3205 1156 3261 Quis
1180 3210 1259 3252 metus
1282 3207 1325 3251 aut
1348 3218 1392 3251 nos

808 3280 855 3325 tut
869 3294 913 3325 nos
927 3292 994 3325 anua
1017 3279 1085 3339 sequi
1110 3280 1249 3339 ferrumque
1273 3280 1392 3326 lacessere

808 3353 927 3401 suesitiu
948 3355 1082 3415 Nettleship
1106 3370 1180 3416 pense
1199 3369 1256 3415 que,
1280 3356 1342 3402 dans
1364 3369 1392 3401 ce

808 3444 871 3486 vers,
886 3430 950 3492 Virg.
967 3431 1025 3477 s'est
1039 3445 1147 3479 souvenu
1162 3432 1192 3477 de
1212 3431 1279 3477 lucr.
1300 3430 1342 3477 S'il
1361 3444 1391 3477 en

808 3506 931 3563 estensi,
946 3520 978 3553 ou
994 3520 1024 3553 ne
1040 3511 1098 3567 peut
1111 3506 1186 3569 gnere
1198 3505 1286 3567 rejeter
1295 3504 1390 3561 raeda,

807 3596 838 3628 ou
853 3582 948 3628 donner
962 3595 1009 3628 une
1024 3586 1092 3629 autre
1106 3581 1269 3644 signification
1288 3580 1303 3628 a
1321 3581 1393 3629 Hunc

809 3685 836 3691 „
862 3657 927 3704 laune
948 3658 979 3703 du
1002 3671 1024 3703 v.
1049 3656 1088 3705 83.
1116 3656 1160 3719 [Ci.
1186 3657 1234 3704 eie.
1260 3656 1338 3719 Epist.
1362 3656 1392 3704 lx

808 3732 837 3779 16
850 3730 867 3779 l
882 3748 887 3778 :
910 3736 960 3779 tut
973 3732 1100 3779 Servius...
1117 3732 1288 3779 iaciledieeret
1303 3747 1309 3778 ι
1325 3746 1339 3778 n
1349 3731 1392 3778 llic

807 3823 891 3855 versus
906 3807 982 3855 Plauti
998 3822 1045 3855 uon
1061 3812 1106 3866 est,
1122 3808 1161 3856 hie
1175 3806 1252 3870 estol.

839 3882 887 3946 [84.
910 3883 939 3932 ln
953 3896 1050 3931 sommo
1067 3885 1156 3932 :luet
1175 3882 1235 3931 Bell.
1251 3883 1321 3931 Alco.
1339 3882 1364 3929 il
1384 3898 1389 3928 ι

808 3972 904 4021 (regere
929 3986 956 3992 -
982 3960 1104 4019 postulare
1129 3986 1155 3992 —
1182 3959 1345 4020 interponere,
1367 3958 1391 4005 in

806 4048 901 4081 summa
929 4034 1039 4081 frustrari
1066 4034 1182 4095 coepit.»
1203 4034 1259 4081 Voir
1282 4034 1347 4081 aussi
1369 4034 1392 4081 ln

807 4124 830 4156 n.
846 4110 877 4157 de
892 4111 972 4170 llayor
986 4108 1001 4157 r'r
1013 4111 1067 4157 lut.
1085 4110 1116 4156 lll
1133 4109 1162 4156 79
1175 4114 1202 4156 et
1215 4110 1306 4157 l'iudcx
1321 4124 1340 4155 s.
1357 4107 1390 4170 vl

836 4184 911 4232 tri-93
925 4203 956 4229 =
971 4186 992 4231 ll
1008 4185 1086 4232 55-61.
1104 4190 1129 4232 et
1142 4186 1170 4232 Vl
1190 4183 1269 4233 3541.
1291 4185 1347 4233 Voir·
1357 4184 1392 4232 les

807 4265 876 4308 notes
891 4262 945 4321 plus
960 4262 1026 4308 haut.
1146 4253 1149 4263 “

838 4334 933 4384 ecles.
957 4336 1018 4383 Tout
1040 4336 1147 4394 d'abord,
1170 4335 1270 4397 l'esprit‚
1292 4336 1391 4383 animas

807 4426 839 4459 ou
854 4424 932 4469 mens,
949 4415 1049 4459 estune
1064 4412 1141 4472 partie
1148 4413 1178 4459 de
1186 4412 1310 4469 l'lromme‚
1325 4411 1391 4458 aussi

808 4486 866 4535 bien
880 4501 928 4549 que
943 4488 966 4534 le
980 4487 1035 4551 pied
1050 4501 1081 4536 ou
1096 4489 1121 4534 la
1134 4487 1201 4545 tete;
1216 4487 1392 4551 quelques-uus
