3400 5017
592 307 594 313 ’
628 305 752 374 LIBER
774 305 951 375 TERTIUS
991 308 995 312 ’

283 446 444 509 Paulatim
461 447 547 507 redit
563 447 596 506 in
612 464 731 514 sensus
746 447 959 523 animamque
976 453 1132 526 receptat.

282 540 370 600 Haec
386 541 490 617 igitur
504 540 605 600 tantis
620 541 678 600 ubi
695 541 820 599 morbis
835 557 975 617 corpore
991 542 1025 600 in
1042 540 1114 617 ipso

282 633 452 694 lactentur
467 635 664 709 miserisque
681 634 788 693 modis
802 634 962 694 distracta
976 634 1139 707 laborent,

282 726 349 787 Cur
363 727 477 787 eadem
493 727 602 787 credis
617 728 689 786 sina
704 743 843 803 corpore
860 728 894 786 in
909 743 984 787 aere
999 732 1114 804 aperto

282 819 365 880 Cum
380 820 499 880 validis
514 821 622 880 ventis
637 824 777 880 aetatem
793 821 913 897 degere
929 820 1053 898 posse?

283 914 322 973 Et
336 914 494 990 quoniam
512 918 656 973 mentem
672 914 794 988 sanari,
810 931 934 990 corpus
950 920 987 975 ut
1001 931 1150 991 aegrum,

282 1006 457 1067 Cernimus
473 1011 506 1067 et
520 1007 607 1067 llecti
624 1007 790 1067 medicina
805 1023 901 1083 posse
917 1008 1081 1083 videmus,

282 1100 317 1160 Id
333 1117 468 1177 quoque
484 1101 649 1178 praesagit
664 1101 837 1160 mortalem
854 1101 965 1161 vivere
981 1106 1138 1161 mentem.

282 1194 412 1254 Addere
427 1195 516 1253 enim
534 1195 637 1271 partis
652 1197 711 1254 aut
725 1194 842 1253 ordine
858 1194 1017 1255 traiecere
1032 1199 1182 1255 aecumst

283 1288 349 1347 Aut
363 1287 490 1363 aliquid
508 1304 662 1364 prorsum
679 1287 720 1347 de
735 1303 867 1347 summa
882 1288 1057 1347 detrahere
1073 1288 1194 1361 hilum,

282 1380 492 1441 Commutare
506 1381 657 1440 animum
674 1380 880 1456 quicumque
895 1381 1047 1440 adoritur
1061 1387 1094 1441 et
1109 1381 1183 1441 infit

281 1475 348 1534 Aut
362 1474 459 1533 aliam
476 1473 629 1549 quamvis
645 1478 798 1533 naturam
815 1473 947 1533 flectere
962 1474 1105 1550 quaerit,

281 1567 323 1626 At
338 1582 446 1641 neque
462 1567 634 1626 transferri
650 1566 714 1626 sibi
730 1568 834 1644 partis
850 1584 911 1626 nec
927 1568 1030 1627 tribui
1046 1569 1119 1628 vult

279 1660 468 1720 immortale
484 1660 573 1735 quod
590 1665 640 1720 est
654 1661 836 1736 quicquam
853 1677 962 1736 neque
977 1661 1124 1721 delluere
1142 1661 1261 1721 hilum.

281 1752 361 1813 Nam
377 1753 615 1829 quodcumque
631 1754 702 1814 suis
718 1758 884 1814 mutatum
900 1754 1025 1814 finibus
1040 1756 1118 1828 exit,

278 1845 444 1906 Continuo
461 1847 523 1907 hoc
540 1864 628 1907 mors
644 1852 693 1907 est
709 1848 800 1907 illius
816 1848 905 1923 quod
922 1848 985 1907 luit
999 1851 1086 1907 ante.

281 1939 366 2016 Ergo
381 1939 514 1999 animus
530 1941 598 2000 sive
614 1941 787 2017 aegrescit,
804 1941 957 2001 mortalia
972 1941 1067 2017 signa

280 2032 391 2107 Mittit,
408 2035 458 2095 uti
474 2034 585 2107 docui,
603 2052 662 2095 scu
679 2034 826 2094 flectitur
840 2052 859 2094 a
874 2034 1050 2095 medicina.

283 2126 394 2203 Usque
409 2128 490 2187 adeo
506 2128 605 2187 falsae
622 2128 741 2187 rationi
757 2144 835 2187 vera
848 2128 983 2188 videtur

281 2220 345 2279 Res
360 2237 536 2282 occurrero
552 2224 585 2280 et
599 2220 761 2296 affugium
777 2221 994 2297 praecludere
1010 2222 1103 2281 eunti

279 2312 494 2391 Ancipitique
514 2314 658 2374 refutatu
674 2314 873 2374 convincere
889 2313 1021 2374 falsum.

322 2407 472 2483 Denique
488 2423 584 2484 saepe
601 2407 770 2467 hominem
787 2407 947 2484 paulatim
963 2408 1134 2467 cernimus
1150 2408 1198 2466 ire

204 2577 258 2627 523.
281 2578 375 2629 rationi
398 2581 455 2635 liar.
481 2581 534 2627 ΑΜ.
560 2579 570 2626 1
597 2581 664 2627 lunt.
688 2595 748 2640 pour
772 2579 887 2629 rationis.
913 2607 939 2614 —
964 2580 1019 2628 525.
1043 2579 1158 2641 refutatu
1178 2580 1236 2626 liar.
1256 2579 1323 2626 lunt.
1340 2592 1401 2640 pour

174 2653 309 2716 refutatur.

174 2814 226 2868 tcs3
238 2809 297 2857 icta
317 2814 342 2858 ct
356 2811 374 2857 B
388 2811 497 2859 ocrivcnt
510 2815 687 2860 corrcctement
700 2826 758 2859 avec

172 2885 238 2932 deux
251 2899 273 2934 c.
290 2885 365 2947 Voyeu
380 2886 403 2933 la
413 2900 437 2933 n.
455 2885 470 2933 ir
490 2888 498 2932 l
518 2884 572 2934 360.
592 2888 697 2933 Avecce
716 2884 757 2946 qui

173 2960 285 3021 precede,
299 2975 378 3023 comp.
395 2962 456 3009 dans
470 2962 547 3019 celse,
566 2962 599 3008 lll
613 2960 653 3019 23,
669 2962 693 3009 la
706 2962 760 3009 des-

172 3035 275 3096 cription
299 3036 372 3084 d'une
391 3037 453 3084 crisc
473 3036 621 3098 epileptiquc
642 3052 647 3083 :
669 3038 759 3085 «lnter

173 3111 312 3160 notissimos
327 3113 423 3160 morbos
438 3117 476 3160 cst
489 3112 562 3161 etiam
582 3112 602 3160 is
622 3112 663 3173 qni
683 3112 759 3159 comi-

173 3186 237 3234 tialis
254 3187 293 3235 rel
313 3187 390 3235 maior
409 3187 555 3236 nominatur.
576 3188 651 3235 Homo
678 3186 759 3236 subito

172 3262 287 3321 concidit,
304 3276 334 3311 ex
350 3277 391 3311 ore
401 3277 502 3324 spumae
513 3268 641 3311 morentur
652 3277 659 3320 ς
669 3263 758 3311 deinde

174 3336 316 3399 interposito
332 3342 441 3399 tempore
455 3339 485 3386 ad
501 3353 527 3387 sc
543 3339 606 3387 redit
620 3342 644 3386 et
666 3352 709 3399 per
732 3353 758 3386 se

173 3412 224 3473 ipse
245 3414 402 3477 consurgit.»
422 3414 453 3461 La
471 3414 619 3475 description
639 3416 669 3462 dc
688 3414 756 3462 lucr.

172 3501 187 3535 a
201 3489 386 3549 probablemcnt
395 3490 434 3537 ete
444 3489 606 3539 directement
615 3490 758 3551 empruntec

172 3563 310 3624 aqnelque
339 3564 408 3613 traitd
436 3566 467 3612 dc
497 3565 631 3621 medecina,
652 3569 677 3613 ct
697 3578 758 3612 nous

173 3640 272 3686 n'avons
288 3654 329 3701 pas
344 3641 399 3701 plus
413 3639 428 3689 d
441 3655 455 3702 y
470 3642 587 3688 clrcrcber
605 3655 653 3689 unc
678 3640 759 3687 minn-

173 3713 250 3761 tieusc
265 3715 404 3763 exactitude
418 3730 466 3776 que
485 3717 545 3765 dans
560 3730 586 3765 sa
601 3716 713 3777 peinture
728 3716 758 3763 dc

173 3790 194 3836 la
210 3793 278 3850 peste
292 3790 431 3839 d'ilthdnes.

202 3863 256 3913 506.
273 3864 348 3923 Haec,
364 3867 480 3915 l'uuimus
495 3872 520 3915 ct
537 3867 646 3915 l'uuimu.

202 3939 257 3988 513.
277 3940 406 3990 llruieccre
420 3956 428 3990 :
443 3942 474 3991 cl.
492 3943 512 3990 ll
534 3942 576 3990 951
601 3942 680 4000 eiecit,
696 3946 721 3990 et
736 3943 759 3990 la

173 4019 238 4063 nota.

202 4094 256 4143 att.
280 4095 388 4145 Pronum
412 4101 436 4145 et
457 4097 504 4146 534
526 4098 652 4147 lutrosuru
670 4111 677 4145 :
693 4112 716 4145 r.
736 4099 758 4145 la

172 4184 196 4217 n.
213 4170 279 4219 115.
298 4198 324 4206 -
341 4172 448 4221 Prosunt
463 4174 556 4221 semble
571 4173 638 4220 avoir
659 4175 681 4221 lc
701 4186 758 4220 sens

171 4246 230 4305 qu'il
254 4260 268 4293 a
287 4246 307 4294 si
328 4252 430 4296 souvant
445 4249 505 4295 dans
524 4249 629 4297 Salluste
646 4264 651 4294 :
669 4246 713 4298 Cut
729 4247 758 4295 15

171 4321 195 4378 5,
213 4320 243 4369 23
258 4321 361 4385 23Juq.
377 4322 441 4381 23l,
457 4328 495 4372 etc
511 4340 516 4370 ι
533 4324 756 4385 «brol,pourn’en

172 4410 215 4457 pas
229 4396 282 4444 diro
297 4399 431 4461 darantage
442 4414 464 4446 u.
478 4425 505 4433 —
521 4398 615 4456 Hilum,
634 4400 694 4447 dans
709 4413 757 4446 une

172 4472 261 4533 phrase
279 4472 423 4521 affirmative
443 4488 469 4521 se
490 4477 601 4522 retrouve
616 4473 631 4522 a
646 4475 673 4522 lv
688 4473 734 4521 515
750 4488 755 4520 :

815 2812 916 2859 «libella
924 2811 1006 2871 aliqua
1014 2811 1034 2858 si
1043 2825 1074 2858 ex
1086 2810 1148 2871 parti
1158 2810 1280 2858 claudicat
1288 2810 1366 2858 hilum
1376 2825 1397 2857 n.

812 2888 840 2935 Je
856 2888 912 2934 n'en
927 2890 1011 2934 trouve
1026 2900 1069 2948 pas
1083 2887 1176 2934 d’autre
1195 2887 1318 2947 exempla,
1338 2885 1400 2933 mais

812 2962 827 3009 ir
841 2963 870 3009 Vl
885 2961 940 3019 516,
952 2962 1079 3025 pertritum
1094 2966 1132 3009 est
1145 2961 1211 3008 aussi
1227 2960 1360 3009 alllrmatil.
1392 3005 1395 3009 .

844 3037 899 3085 515.
922 3036 958 3085 On
982 3038 1010 3085 lit
1031 3038 1092 3084 dans
1114 3036 1230 3095 Priscian,
1251 3036 1311 3085 lrut.
1328 3036 1397 3092 ll8:

814 3127 827 3161 n
854 3112 959 3161 Lucilius
982 3113 1007 3161 in
1033 3113 1064 3160 lll
1102 3111 1257 3162 Cortturburc
1288 3112 1399 3160 animum

810 3187 877 3251 potis
891 3190 928 3235 cst
942 3188 1088 3250 quicumque
1106 3186 1243 3236 adoritur»
1263 3187 1327 3235 G'eat
1342 3200 1399 3234 sans

813 3277 892 3311 aucun
907 3264 981 3310 douta
995 3277 1044 3310 une
1059 3262 1173 3323 mdprise.

844 3338 899 3395 519,
910 3337 964 3385 510.
981 3339 1038 3386 Vers
1052 3342 1156 3386 souvent
1169 3338 1273 3399 repetes.

843 3412 891 3461 524
903 3413 951 3476 Eff.
967 3413 1060 3477 pt‘aecl.
1076 3427 1084 3461 :
1100 3414 1109 3460 l
1124 3413 1170 3460 915
1185 3412 1400 3475 ‹relluginmprac-

812 3489 920 3537 cludit.»
936 3490 1011 3551 Voycz
1026 3490 1049 3537 la
1065 3493 1130 3537 note.

843 3564 898 3612 525.
914 3564 1031 3627 Ancipiti,
1048 3579 1095 3624 que
1111 3564 1226 3612 l'uuu'mus
1242 3564 1290 3611 soit
1303 3564 1398 3611 malade

812 3659 844 3692 ou
859 3645 937 3707 gnari.
955 3672 982 3679 —
998 3644 1125 3706 Resutatu,
1144 3648 1212 3691 autre
1227 3637 1296 3695 ἅπαξ
1310 3637 1398 3701 λεγόμ.

812 3734 843 3767 en
859 3733 933 3767 us:
948 3720 1069 3767 refutatio.
1091 3720 1117 3766 V.
1134 3720 1157 3767 la
1172 3732 1196 3766 n.
1211 3718 1226 3765 a
1241 3720 1249 3766 l
1265 3717 1319 3766 653.

843 3794 957 3843 sacnti.
982 3796 1023 3843 Tel
1046 3796 1143 3843 homme
1167 3795 1225 3855 perd
1250 3796 1352 3841 souvent
1376 3794 1399 3840 lc

813 3871 946 3919 sentiment
964 3874 989 3918 et
1008 3871 1032 3917 la
1049 3869 1088 3918 vic
1107 3870 1216 3917 membre
1234 3868 1306 3929 apres
1325 3882 1400 3916 mem·

812 3947 875 4002 bre;
890 3944 970 4003 idme,
991 3944 1054 3992 ainsi
1073 3944 1165 3992 divisae
1184 3948 1209 3991 et
1228 3944 1328 4005 perduc,
1348 3942 1399 3991 doit
1500 3947 1503 3955 ’

813 4020 865 4069 etro
889 4020 1008 4068 martelle.
1030 4021 1065 4066 l'u
1086 4019 1152 4067 diras
1171 4019 1291 4080 peutdtra
1309 4020 1398 4079 qu'elle

813 4110 838 4143 sc
860 4095 941 4143 adunit
960 4109 990 4143 en
1010 4110 1043 4143 un
1058 4096 1110 4143 seul
1126 4095 1202 4155 point.
1219 4094 1278 4142 Mais
1293 4095 1316 4141 le
1331 4093 1399 4155 point

813 4172 873 4218 dans
898 4172 978 4231 lequel
1004 4171 1052 4218 elle
1073 4170 1148 4219 serait
1167 4169 1230 4218 ainsi
1254 4170 1398 4217 concentree

812 4246 906 4294 rlcrrait
920 4246 1033 4307 acquerir
1046 4247 1101 4306 plus
1115 4247 1146 4293 dc
1158 4244 1303 4293 sensibilitd.
1313 4246 1332 4291 ll
1343 4246 1398 4292 n'cn

813 4325 850 4369 cst
864 4322 933 4379 ricn;
948 4323 1010 4369 donc
1029 4320 1100 4368 l'dmc
1119 4336 1145 4368 sc
1164 4320 1283 4381 disperse,
1303 4319 1400 4367 c'eat-b·

812 4398 865 4444 dire
895 4397 965 4458 perit.
995 4397 1137 4445 Admcttons
1158 4397 1247 4457 qu'elle
1269 4396 1352 4457 puisse
1372 4410 1398 4442 sc

813 4486 941 4530 ramasscr,
957 4472 974 4519 il
990 4473 1046 4519 n'en
1060 4472 1151 4518 resulto
1166 4471 1296 4532 pasrnoina
1309 4470 1398 4531 qu'cllc
