3400 5017
262 304 264 309 ’
309 318 349 391 rs
712 322 936 392 orannim
960 323 1133 392 mrum

416 465 577 526 Luctibus
592 464 775 541 indulges?
790 464 876 535 Quid
893 469 1034 525 mortem
1050 467 1220 541 congemis
1235 484 1273 527 ac
1288 467 1373 527 tles‘l

416 559 497 619 Nam
512 559 615 635 gratis
629 563 779 618 anteacta
793 558 857 619 luit
871 558 932 618 tibi
948 559 1015 618 vita
1030 560 1189 635 priorque
1494 562 1533 605 93⁵

416 652 456 711 Et
471 669 537 711 non
553 653 664 711 omnia
679 656 854 728 pertusum
869 656 1026 727 congesta
1040 653 1136 728 quasi
1152 654 1186 711 in
1201 670 1258 713 vas

416 745 595 806 Commoda
609 744 795 821 perduxere
810 750 910 821 atque
925 745 1055 821 ingrate
1070 746 1226 807 interiere
1244 763 1250 805 :

416 838 484 899 Cur
498 854 564 898 non
583 843 621 898 ut
634 838 755 914 plenus
772 838 858 898 vitae
873 839 1013 898 conviva
1028 839 1155 899 recedis

339 1048 393 1099 935.
415 1049 479 1099 Nem
507 1049 586 1112 protis
606 1050 720 1098 anteacto
741 1048 791 1111 fuit
811 1048 855 1097 titi
869 1049 920 1097 vite
934 1050 1054 1112 priorque
1069 1050 1112 1097 lto.
1129 1065 1190 1111 pour
1203 1050 1233 1100 N.
1263 1066 1302 1115 qr.
1332 1051 1382 1114 suit
1409 1052 1453 1102 tihi
1481 1054 1532 1102 vito

308 1128 420 1175 anteacta
447 1125 575 1189 priorque.
606 1124 731 1173 Peut-ctrc
761 1125 828 1172 lucr.
859 1125 921 1173 e-t-il
944 1125 1004 1174 ecrit
1021 1125 1087 1175 Nam
1106 1126 1185 1189 pratis
1206 1127 1271 1190 finit
1289 1140 1321 1176 αα
1339 1127 1389 1190 frit
1426 1128 1469 1177 tibi
1484 1134 1530 1178 etc.

309 1202 340 1249 Le
354 1216 372 1250 e
386 1203 444 1264 long
458 1206 495 1250 est
508 1215 622 1249 commun
637 1202 695 1248 chez
711 1201 746 1247 les
761 1200 861 1249 enciens
877 1200 1004 1249 ecriveins.
1021 1200 1050 1250 Ν.
1067 1215 1105 1264 qr.
1131 1201 1181 1264 fnit
1196 1203 1256 1251 lieec
1271 1205 1288 1252 t.
1304 1218 1326 1251 ο.
1338 1218 1362 1251 α.
1376 1218 1417 1267 pr.
1434 1206 1531 1253 Lachm.

288 1266 338 1328 ‘N.
354 1277 377 1325 ai
390 1280 463 1340 prote
477 1276 496 1339 f.
513 1278 530 1325 t.
547 1291 568 1325 v.
585 1290 638 1339 op.
654 1277 758 1339 danger.
775 1275 854 1323 Giuss.
872 1276 970 1333 ticinae,
987 1278 1042 1339 Brg.
1060 1276 1124 1327 Nem
1138 1278 1218 1340 protis
1231 1277 1305 1341 ducit
1319 1283 1365 1327 etc.
1386 1282 1444 1328 liar.
1463 1282 1530 1330 lunt.

308 1353 372 1404 Nom
386 1355 487 1416 protem
500 1352 520 1415 s.
537 1353 554 1400 t.
570 1367 592 1400 ο.
609 1350 673 1399 Nice.
690 1350 753 1401 Nom
768 1352 880 1414 qratirne
894 1351 945 1413 fnit
962 1352 1033 1401 Bern.

308 1548 442 1611 equivatoir
467 1548 482 1596 11
504 1548 562 1608 quid
591 1548 635 1596 tibi
664 1551 702 1595 est
730 1551 779 1595 tem
809 1548 892 1611 magni

309 1622 445 1673 momenti?
467 1652 494 1658 —
510 1623 622 1672 Giusseni
641 1624 721 1671 donne
743 1622 758 1670 6
781 1622 839 1685 quid
870 1624 892 1670 le

308 1714 364 1747 sens
379 1700 409 1746 de
424 1696 562 1760 pourquoi?
579 1702 603 1747 et
617 1700 693 1759 prend
709 1712 770 1759 pour
784 1698 848 1760 sujet
862 1700 893 1746 de

308 1777 376 1823 tento
404 1776 501 1837 operest
528 1773 655 1822 l'insmitis
679 1774 745 1822 mori
774 1774 893 1835 impiique

308 1851 368 1898 dens
383 1851 406 1898 le
420 1864 471 1897 roc.
488 1850 615 1899 mortalis:
626 1848 752 1910 pourquoi,
769 1850 782 1896 6
794 1851 891 1906 montel,

308 1928 331 1973 le
345 1930 408 1974 mort
431 1927 526 1973 est-elle
541 1940 602 1987 pour
618 1924 650 1973 toi
666 1926 739 1972 chose
758 1925 779 1972 si
794 1923 888 1988 greve?

307 2002 366 2049 Meis
391 2002 407 2049 il
427 2001 530 2065 suggere
554 2000 620 2049 aussi
645 2002 668 2047 le
689 2002 758 2058 leqon
780 2000 890 2057 mortali,

308 2080 426 2125 sous-ent.
451 2077 774 2139 esse,ce1entopereerec
795 2076 818 2123 le
839 2077 892 2123 seul

307 2153 381 2199 verbe
395 2165 448 2201 eece
462 2152 496 2199 lui
512 2152 648 2212 paraissant
661 2153 691 2199 de
706 2154 773 2199 toute
784 2150 892 2198 monierc

308 2227 413 2275 insolite.

338 2302 392 2351 935.
409 2302 473 2352 Nom
494 2302 573 2365 protis
596 2306 652 2361 ete,
676 2300 721 2351 938
745 2300 797 2352 Car
818 2314 892 2351 nor:

307 2392 338 2426 on
353 2392 384 2425 ne
399 2382 458 2439 peut
472 2377 546 2441 gnere
561 2377 613 2425 dire
628 2392 675 2439 que
691 2378 714 2425 le
738 2376 893 2439 conjonction

307 2454 329 2502 si
343 2454 390 2501 soit
404 2455 598 2502 sous-entendue
614 2452 644 2500 ici
662 2468 666 2499 :
683 2467 744 2501 nous
755 2466 829 2501 avons
844 2466 893 2500 une

307 2530 337 2576 de
352 2542 392 2577 ces
407 2531 516 2590 phrases,
535 2528 675 2588 trequentes
691 2529 752 2576 dens
771 2529 807 2576 los
822 2528 894 2575 meil-

307 2604 372 2651 leurs
388 2603 516 2659 ecriveins,
534 2608 559 2651 ct
573 2604 632 2651 dont
646 2604 670 2650 le
680 2602 800 2664 premiere
815 2603 893 2663 partie

306 2680 417 2740 exprime
444 2694 493 2727 une
521 2678 673 2740 supposition
696 2694 702 2725 ι
727 2693 806 2731 «vous
835 2692 893 2727 even

306 2754 628 2816 pesseuneviehenreuse:
645 2754 740 2802 ehhien
756 2754 893 2803 (1111160111-

307 2844 377 2892 parez
404 2831 452 2879 Cic.
474 2829 506 2878 od
527 2828 579 2879 Ati.
604 2828 890 2891 lllV13dtnprosicis·

306 2920 355 2964 cor,
376 2910 403 2954 nt
430 2906 614 2964 constitueram,
644 2906 739 2968 legatus
766 2905 791 2953 in
817 2905 891 2953 Gree-

306 2982 378 3039 ciam,
393 2981 475 3029 caedis
500 2980 664 3041 impendentis
681 2980 818 3042 periculum
834 2994 893 3027 non·

307 3056 368 3104 nihil
392 3057 469 3105 vitare
492 3056 605 3103 videor...
631 3056 668 3104 sin
697 3060 779 3103 eutem
794 3069 893 3103 mense-

306 3146 332 3179 ro
347 3136 412 3183 etc.»
427 3132 460 3180 lci
475 3133 498 3179 le
524 3145 580 3179 sens
604 3135 642 3179 est
670 3132 746 3179 rendu
775 3130 834 3179 cleir
849 3144 893 3192 per

306 3208 329 3254 lc
356 3207 396 3255 sin
424 3208 454 3255 de
483 3208 506 3255 le
525 3206 549 3254 2⁰
579 3206 674 3268 partie:
691 3207 746 3254 llor.
762 3205 840 3270 Epist.
858 3205 889 3254 11

305 3281 374 3331 33-31
392 3298 397 3329 :
414 3282 447 3330 ib.
464 3280 544 3341 81-89,
561 3296 619 3329 eveo
643 3281 665 3330 si
679 3295 729 3331 non
751 3282 812 3329 dens
827 3281 852 3328 la
866 3280 891 3328 10

305 3357 473 3419 proposition3
502 3356 544 3405 01.
573 3356 624 3405 Ars
648 3358 669 3404 ll
692 3354 795 3405 996930
811 3371 817 3414 ;
833 3357 890 3405 Sen.

304 3432 392 3496 Aqem.
409 3432 463 3491 669,
480 3431 542 3491 1633
554 3432 654 3490 Quintil.
667 3434 677 3479 l
692 3432 742 3480 911
758 3433 829 3491 ;luv.
842 3433 892 3479 llVl

306 3508 381 3557 lt-lt.
397 3536 424 3544 -
442 3507 525 3559 Gratis
543 3522 550 3555 :
566 3510 589 3555 lc
605 3507 726 3556 contraire
743 3509 774 3555 de
789 3522 816 3556 ce
831 3511 891 3565 mot,

304 3585 419 3648 inpretis,
436 3588 474 3632 est
487 3584 597 3645 employe
605 3588 690 3643 quatre
700 3583 746 3631 lois
754 3597 798 3645 per
808 3584 892 3640 Lucr.;

304 3661 388 3708 Plauto
403 3663 428 3707 et
440 3660 546 3707 Te'rence
561 3663 604 3707 ont
618 3660 653 3706 les
663 3659 753 3706 lormes
764 3659 818 3719 plus
834 3657 895 3719 plei-

305 3750 349 3783 nes
364 3735 453 3798 pretiis
468 3739 493 3783 et
506 3734 632 3797 inpretiis,
648 3734 709 3781 meis
729 3734 828 3781 ciceron
843 3747 894 3781 em·

304 3811 368 3872 ploie
382 3810 461 3873 pratis
475 3814 500 3857 et
520 3810 627 3873 inpratis
649 3823 657 3857 :
679 3810 739 3857 elles
763 3807 892 3871 signifieat

305 3886 508 3947 respectivement
536 3899 593 3933 evec
620 3898 650 3932 ou
671 3888 754 3933 contre
770 3884 793 3931 le
807 3885 893 3950 rolon-

305 3962 328 4009 16
343 3962 382 4009 do.

241 4044 245 4049 ·
334 4035 388 4085 936.
404 4036 539 4085 Pertnsum
567 4040 613 4083 ete.
641 4051 647 4081 ι
678 4034 738 4084 1069
767 4034 892 4083 «laticem

304 4116 429 4172 pertusum
446 4125 578 4175 congerere
595 4111 620 4157 in
643 4124 685 4157 ves
698 4126 704 4168 ;
715 4124 729 4158 ο
754 4111 822 4157 Lucr.
848 4109 893 4157 seit

304 4188 366 4234 dono
380 4186 484 4234 allusion
500 4201 531 4234 eu
548 4190 655 4235 tonneau
680 4186 723 4233 des
747 4185 890 4232 Danaides:

303 4263 386 4309 Plauto
401 4261 491 4311 Pseud.
508 4260 561 4311 369.
586 4275 599 4309 α
608 4262 635 4307 111
658 4264 785 4321 pertusum
800 4260 892 4322 ingeri·

304 4352 358 4385 mus
385 4337 450 4385 dicte
477 4337 569 4385 dolium
583 4340 597 4393 ;’
615 4349 714 4397 operam
743 4335 891 4383 ludimus.»

303 4414 419 4460 llerullus
440 4412 476 4460 dit
490 4427 521 4460 en
537 4426 620 4475 merge
634 4412 666 4458 du
682 4424 739 4459 mss.
756 4412 787 4458 de
801 4410 890 4458 Victor.

304 4490 445 4557 ολαμπρά.»
462 4488 538 4535 —Get
551 4489 725 4551 argumentost
738 4485 863 4535 conforme
877 4484 892 4532 i

948 1550 971 1596 le
985 1550 1078 1597 theorie
1093 1550 1251 1611 epicurienne
1266 1553 1296 1599 de
1320 1552 1344 1599 le
1364 1552 1455 1600 solicite
1478 1553 1533 1600 lon-

947 1624 993 1672 dee
1017 1640 1059 1673 sur
1079 1627 1104 1673 le
1127 1626 1244 1674 memoire
1260 1663 1266 1685 ,
1284 1626 1366 1675 c.-d·d.
1383 1642 1425 1675 sur
1439 1630 1462 1675 la
1477 1643 1533 1689 per-

948 1700 1052 1749 sistence
1067 1702 1110 1749 des
1125 1702 1222 1763 plaisirs
1237 1704 1295 1750 dont
1316 1717 1348 1751 on
1359 1717 1373 1750 e
1384 1703 1436 1764 joui
1454 1720 1459 1750 :
1476 1718 1532 1767 gra-

948 1781 996 1824 tem
1011 1778 1085 1826 vitem
1100 1777 1175 1825 tuisse
1189 1797 1221 1822 :
1234 1769 1283 1826 non
1298 1778 1443 1839 perfluxisse
1464 1793 1532 1827 com·

948 1854 1038 1910 mode3
1067 1880 1095 1887 -
1124 1855 1261 1914 perduxere
1289 1856 1417 1902 commode
1438 1874 1470 1899 =
1493 1855 1532 1901 in-

946 1933 1015 1991 grate
1030 1928 1154 1976 interiere.

977 2002 1031 2052 931.
1047 2004 1149 2067 lnqreto
1179 2009 1217 2053 est
1244 2006 1334 2066 oppose
1355 2019 1385 2053 au
1405 2005 1484 2068 qratia
1499 2006 1531 2052 dn

946 2094 969 2126 v.
985 2078 1039 2128 935.

978 2153 1033 2203 938.
1060 2155 1153 2204 Plenas
1174 2160 1220 2203 eto.
1238 2172 1243 2203 :
1269 2156 1300 2203 cs.
1316 2155 1363 2203 9611
1377 2158 1477 2213 «Quem
1492 2169 1532 2203 se-

947 2235 987 2278 tur
1001 2235 1080 2289 etc.‚n
1105 2235 1130 2279 et
1153 2232 1209 2279 lior.
1235 2231 1286 2281 Set.
1304 2230 1340 2278 ll
1358 2230 1403 2280 118
1418 2232 1532 2279 «llxecto

947 2310 1076 2355 contentus
1091 2311 1208 2368 tempore,
1224 2307 1274 2355 vite
1287 2308 1359 2355 cedat
1381 2308 1416 2354 uti
1431 2306 1532 2355 conviva

948 2386 1048 2430 setun»
1063 2382 1097 2430 (21.
1114 2382 1179 2430 aussi
1195 2384 1218 2430 le
1232 2396 1287 2429 vers
1302 2381 1344 2430 121
1370 2384 1400 2429 de
1414 2385 1477 2429 cette
1492 2395 1532 2429 se-

947 2458 993 2505 tire
1009 2472 1017 2505 :
1036 2473 1049 2505 e
1059 2458 1161 2505 verbum
1179 2472 1228 2505 non
1245 2458 1350 2519 amplius
1364 2458 1483 2515 eddam»
1507 2460 1532 2504 ct

948 2534 1016 2581 Luer.
1033 2532 1077 2581 941
1096 2548 1160 2581 1ο111
1176 2533 1281 2594 amplius
1296 2534 1385 2580 addere
1400 2533 1505 2593 quaeris.
1518 2548 1530 2577 >i

947 2609 1003 2657 Sen.
1020 2608 1098 2675 Epor.
1115 2608 1211 2657 9815:
1228 2608 1470 2669 «ipscviteeplenus
1484 2611 1530 2665 ost,

947 2685 986 2733 cui
1001 2684 1064 2732 adici
1080 2684 1141 2732 nihil
1156 2684 1279 2732 desideret
1288 2698 1333 2732 sue
1346 2697 1435 2741 ceuse3
1447 2698 1459 2730 r
1470 2683 1530 2731 Stet.

947 2759 1006 2811 Silo.
1022 2762 1044 2807 ll
1058 2760 1073 2807 9
1088 2759 1133 2808 me
1148 2760 1240 2809 «abire
1255 2764 1365 2820 peretum
1384 2761 1417 2806 lic
1432 2760 1531 2820 plenum

946 2836 996 2884 vita
1007 2851 1037 2894 3»
1052 2835 1135 2893 Orelli,
1152 2836 1187 2882 l.l.
1203 2834 1251 2883 cite
1266 2836 1296 2883 de
1320 2835 1425 2883 Stobee:
1449 2839 1532 2899 ὥσπερ

948 2910 974 2959 ἑκ
992 2912 1127 2968 συμποσίου
1145 2907 1334 2966 ἀπαλλάττομαι
1353 2907 1426 2957 οὐδὲν
1444 2911 1531 2970 drexe-

946 2983 1046 3043 peiror,
1056 2983 1118 3031 οὕτω
1131 2984 1170 3030 καὶ
1181 2980 1206 3030 ἐκ
1219 2986 1263 3029 τοῦ
1274 2980 1342 3043 βίου,
1353 2978 1435 3039 ὅτανὴ
1446 2982 1496 3041 ὥρα
1505 2976 1531 3043 ᾗ.

947 3062 1029 3123 Gomp.
1046 3060 1172 3109 1111εεί969
1197 3074 1211 3108 1(
1221 3073 1294 3121 quem
1316 3064 1341 3107 tu
1365 3059 1476 3107 cecidere
1490 3074 1531 3107 ce-

947 3138 1062 3197 dentque,
1074 3152 1087 3183 »
1103 3150 1161 3183 avec
1176 3137 1231 3183 lior.
1247 3137 1274 3182 i.
1290 3136 1316 3183 P.
1333 3134 1363 3184 to
1377 3149 1391 3182 1(
1405 3149 1468 3195 queo
1482 3134 1531 3181 iem

946 3212 1057 3261 cecidere
1071 3214 1207 3272 cedentque
1217 3226 1224 3269 ς
1235 3225 1249 3260 ο
1265 3212 1385 3271 peut-dire
1409 3212 1431 3258 lo
1446 3225 1469 3256 v.
1484 3208 1528 3257 911

947 3287 1029 3349 (voyez
1044 3289 1068 3335 la
1081 3287 1147 3348 note)
1163 3300 1221 3334 avec
1235 3286 1313 3349 Epist.
1331 3286 1352 3333 ll
1379 3285 1393 3333 2
1409 3285 1469 3343 159;
1484 3284 1532 3331 996

948 3364 1016 3421 «Qui
1033 3367 1116 3424 petere
1140 3376 1154 3409 a
1175 3363 1264 3423 populo
1292 3363 1370 3409 lesnes
1397 3375 1531 3420 saevosque

946 3453 1045 3487 secures
1056 3438 1155 3486 lmhihit
1169 3442 1193 3485 et
1207 3451 1304 3498 semper
1313 3436 1391 3485 victus
1405 3436 1531 3496 tristisque

947 3514 1047 3573 recedit,
1059 3528 1071 3558 r>
1085 3528 1143 3562 arec
1157 3513 1236 3577 Epist.
1252 3514 1262 3559 l
1283 3512 1312 3560 16
1335 3512 1365 3561 33
1387 3527 1401 3561 <i
1411 3516 1438 3560 ut
1452 3512 1472 3559 si
1487 3513 1533 3559 De-

947 3590 1030 3638 tulerit
1043 3590 1121 3637 fasces
1135 3589 1236 3651 indigno
1251 3589 1356 3636 detrahit
1366 3588 1440 3636 idem.
1456 3589 1530 3644 Pone,

947 3680 1028 3713 meum
1044 3669 1089 3722 est,
1106 3664 1186 3725 inquit
1215 3680 1221 3711 ε
1246 3678 1310 3725 pono
1325 3664 1449 3724 tristisque
1466 3676 1532 3710 rece-

947 3743 977 3789 do
987 3757 993 3799 3
1005 3756 1017 3788 ο
1034 3739 1094 3789 1098
1108 3740 1224 3803 «magnis
1238 3740 1280 3800 qui
1302 3740 1416 3801 gentihus
1430 3738 1533 3798 imperi-

947 3821 1062 3875 terunt»
1077 3830 1135 3864 avec
1149 3814 1200 3865 Set.
1218 3815 1228 3863 1
1243 3814 1258 3863 6
1271 3813 1287 3862 l
1301 3829 1314 3861 α
1325 3815 1367 3875 qui
1388 3814 1483 3877 magnis
1498 3814 1532 3860 le-

947 3891 1060 3954 gionihus
1085 3891 1288 3951 imperitarent.»
1317 3890 1395 3952 (anr.
1424 3890 1442 3935 V
1469 3888 1530 3936 1991

947 3968 1199 4028 «induperatorem...
1223 3966 1282 4014 Cum
1310 3964 1398 4013 validis
1426 3963 1532 4027 legioni-

946 4042 991 4090 bus
1001 4057 1007 4100 ;
1018 4043 1040 4103 r)
1057 4041 1118 4089 1663
1143 4040 1251 4089 «Currit
1274 4055 1349 4103 egens
1364 4054 1466 4087 mannos
1498 4040 1530 4086 ed

945 4118 1037 4176 villam,
1050 4132 1062 4164 »
1078 4116 1139 4166 1666
1154 4118 1222 4169 «dut
1236 4116 1287 4164 abit
1310 4117 1335 4163 in
1351 4129 1463 4163 somnum
1478 4128 1533 4177 gra·

945 4192 982 4240 vis
996 4197 1069 4253 etque
1084 4192 1174 4240 oblivia
1194 4192 1311 4252 quaeritr
1332 4190 1394 4239 1068
1417 4191 1487 4238 «Hoc
1502 4204 1530 4237 se

945 4268 1049 4329 quisque
1073 4268 1144 4315 modo
1162 4267 1225 4329 fugit
1247 4267 1281 4329 (et
1297 4281 1370 4326 quem
1385 4266 1487 4323 scilicet,
1502 4270 1532 4312 ut

946 4343 981 4402 lit,
997 4342 1108 4406 Effugere
1123 4344 1183 4390 heut
1197 4342 1259 4403 potis
1278 4346 1324 4400 est,
1345 4341 1447 4404 ingratis
1470 4342 1532 4387 hec-

946 4420 991 4481 rot)
1007 4435 1020 4465 »
1032 4432 1090 4467 eveo
1104 4418 1182 4482 Epist.
1199 4420 1209 4465 l
1225 4418 1237 4465 l
1254 4417 1281 4464 ll
1298 4417 1448 4478 «impositus
1463 4430 1532 4463 men·

945 4491 1122 4552 niestein
1142 4491 1157 4540 6
1180 4491 1211 4541 69
1242 4491 1348 4549 «Orus,
1380 4490 1477 4551 quando
1505 4495 1532 4539 te
